
    <ns0:record format="MARC21" type="Authority" id="90058926">
        <ns0:leader>99999nz a2299999n 4500</ns0:leader>
        <ns0:controlfield tag="001">90058926</ns0:controlfield>
        <ns0:controlfield tag="003">NO-TrBIB</ns0:controlfield>
        <ns0:controlfield tag="005">20220714153218.0</ns0:controlfield>
        <ns0:controlfield tag="008">080228n| adz|naabn| |a|ana| </ns0:controlfield>
        <ns0:datafield tag="024" ind1="7" ind2=" ">
            <ns0:subfield code="a">x90058926</ns0:subfield>
            <ns0:subfield code="2">NO-TrBIB</ns0:subfield>
        </ns0:datafield>
        <ns0:datafield tag="024" ind1="7" ind2=" ">
            <ns0:subfield code="a">http://hdl.handle.net/11250/401757</ns0:subfield>
            <ns0:subfield code="2">hdl</ns0:subfield>
        </ns0:datafield>
        <ns0:datafield tag="024" ind1="7" ind2=" ">
            <ns0:subfield code="a">0000000110360892</ns0:subfield>
            <ns0:subfield code="2">isni</ns0:subfield>
        </ns0:datafield>
        <ns0:datafield tag="024" ind1="7" ind2=" ">
            <ns0:subfield code="a">http://viaf.org/viaf/4968450</ns0:subfield>
            <ns0:subfield code="2">viaf</ns0:subfield>
        </ns0:datafield>
        <ns0:datafield tag="024" ind1="7" ind2=" ">
            <ns0:subfield code="a">https://id.bs.no/bibbi/5938</ns0:subfield>
            <ns0:subfield code="2">bibbi</ns0:subfield>
        </ns0:datafield>
        <ns0:datafield tag="024" ind1="7" ind2=" ">
            <ns0:subfield code="a">510806598</ns0:subfield>
            <ns0:subfield code="2">dma</ns0:subfield>
        </ns0:datafield>
        <ns0:datafield tag="040" ind1=" " ind2=" ">
            <ns0:subfield code="a">NO-TrBIB</ns0:subfield>
            <ns0:subfield code="b">nob</ns0:subfield>
            <ns0:subfield code="c">NO-TrBIB</ns0:subfield>
            <ns0:subfield code="f">noraf</ns0:subfield>
        </ns0:datafield>
        <ns0:datafield tag="043" ind1=" " ind2=" ">
            <ns0:subfield code="c">no</ns0:subfield>
        </ns0:datafield>
        <ns0:datafield tag="100" ind1="1" ind2=" ">
            <ns0:subfield code="a">Bringsværd, Tor Åge</ns0:subfield>
            <ns0:subfield code="d">1939-</ns0:subfield>
        </ns0:datafield>
        <ns0:datafield tag="375" ind1=" " ind2=" ">
            <ns0:subfield code="a">m</ns0:subfield>
        </ns0:datafield>
        <ns0:datafield tag="386" ind1=" " ind2=" ">
            <ns0:subfield code="a">n.</ns0:subfield>
            <ns0:subfield code="m">Nasjonalitet/regional gruppe</ns0:subfield>
            <ns0:subfield code="2">bs-nasj</ns0:subfield>
        </ns0:datafield>
        <ns0:datafield tag="400" ind1="1" ind2=" ">
            <ns0:subfield code="a">Bringsværd, T.Å.</ns0:subfield>
        </ns0:datafield>
        <ns0:datafield tag="400" ind1="1" ind2=" ">
            <ns0:subfield code="a">Bringsvaerd, Tor Åge</ns0:subfield>
        </ns0:datafield>
        <ns0:datafield tag="400" ind1="1" ind2=" ">
            <ns0:subfield code="a">Bringsvaerd, Tor Age</ns0:subfield>
        </ns0:datafield>
        <ns0:datafield tag="400" ind1="1" ind2=" ">
            <ns0:subfield code="a">Bringsver, Tor Oge</ns0:subfield>
        </ns0:datafield>
        <ns0:datafield tag="400" ind1="1" ind2=" ">
            <ns0:subfield code="a">Bringsverd, Tor Oge</ns0:subfield>
        </ns0:datafield>
        <ns0:datafield tag="400" ind1="1" ind2=" ">
            <ns0:subfield code="a">Bulinggesiweierde, Tuoer Auge</ns0:subfield>
            <ns0:subfield code="d">1939-</ns0:subfield>
        </ns0:datafield>
        <ns0:datafield tag="400" ind1="1" ind2=" ">
            <ns0:subfield code="a">布灵格斯维尔德, 托尔 ·奥格</ns0:subfield>
            <ns0:subfield code="d">1939-</ns0:subfield>
        </ns0:datafield>
        <ns0:datafield tag="901" ind1=" " ind2=" ">
            <ns0:subfield code="a">kat3</ns0:subfield>
        </ns0:datafield>
    </ns0:record>