
    <ns0:record format="MARC21" type="Authority" id="90078559">
        <ns0:leader>99999nz a2299999n 4500</ns0:leader>
        <ns0:controlfield tag="001">90078559</ns0:controlfield>
        <ns0:controlfield tag="003">NO-TrBIB</ns0:controlfield>
        <ns0:controlfield tag="005">20220118123401.0</ns0:controlfield>
        <ns0:controlfield tag="008">090727n| adz|naabn| |a|ana| </ns0:controlfield>
        <ns0:datafield tag="024" ind1="7" ind2=" ">
            <ns0:subfield code="a">x90078559</ns0:subfield>
            <ns0:subfield code="2">NO-TrBIB</ns0:subfield>
        </ns0:datafield>
        <ns0:datafield tag="024" ind1="7" ind2=" ">
            <ns0:subfield code="a">http://hdl.handle.net/11250/1348350</ns0:subfield>
            <ns0:subfield code="2">hdl</ns0:subfield>
        </ns0:datafield>
        <ns0:datafield tag="024" ind1="7" ind2=" ">
            <ns0:subfield code="a">0000000121420563</ns0:subfield>
            <ns0:subfield code="2">isni</ns0:subfield>
        </ns0:datafield>
        <ns0:datafield tag="024" ind1="7" ind2=" ">
            <ns0:subfield code="a">http://viaf.org/viaf/85322833</ns0:subfield>
            <ns0:subfield code="2">viaf</ns0:subfield>
        </ns0:datafield>
        <ns0:datafield tag="024" ind1="7" ind2=" ">
            <ns0:subfield code="a">https://id.bs.no/bibbi/15153</ns0:subfield>
            <ns0:subfield code="2">bibbi</ns0:subfield>
        </ns0:datafield>
        <ns0:datafield tag="040" ind1=" " ind2=" ">
            <ns0:subfield code="a">NO-TrBIB</ns0:subfield>
            <ns0:subfield code="b">nob</ns0:subfield>
            <ns0:subfield code="c">NO-TrBIB</ns0:subfield>
            <ns0:subfield code="f">noraf</ns0:subfield>
        </ns0:datafield>
        <ns0:datafield tag="043" ind1=" " ind2=" ">
            <ns0:subfield code="c">no</ns0:subfield>
        </ns0:datafield>
        <ns0:datafield tag="100" ind1="1" ind2=" ">
            <ns0:subfield code="a">Haslund, Ebba</ns0:subfield>
            <ns0:subfield code="d">1917-2009</ns0:subfield>
        </ns0:datafield>
        <ns0:datafield tag="375" ind1=" " ind2=" ">
            <ns0:subfield code="a">f</ns0:subfield>
        </ns0:datafield>
        <ns0:datafield tag="386" ind1=" " ind2=" ">
            <ns0:subfield code="a">n.</ns0:subfield>
            <ns0:subfield code="m">Nasjonalitet/regional gruppe</ns0:subfield>
            <ns0:subfield code="2">bs-nasj</ns0:subfield>
        </ns0:datafield>
        <ns0:datafield tag="500" ind1="1" ind2=" ">
            <ns0:subfield code="a">Herre, Roy</ns0:subfield>
            <ns0:subfield code="d">1917-2009</ns0:subfield>
            <ns0:subfield code="0">(NO-TrBIB)90635248</ns0:subfield>
        </ns0:datafield>
        <ns0:datafield tag="901" ind1=" " ind2=" ">
            <ns0:subfield code="a">kat3</ns0:subfield>
        </ns0:datafield>
    </ns0:record>