
    <ns0:record format="MARC21" type="Authority" id="90142738">
        <ns0:leader>99999nz a2299999n 4500</ns0:leader>
        <ns0:controlfield tag="001">90142738</ns0:controlfield>
        <ns0:controlfield tag="003">NO-TrBIB</ns0:controlfield>
        <ns0:controlfield tag="005">20200402123820.0</ns0:controlfield>
        <ns0:controlfield tag="008">030506n| adz|naabn| |a|ana| </ns0:controlfield>
        <ns0:datafield tag="024" ind1="7" ind2=" ">
            <ns0:subfield code="a">x90142738</ns0:subfield>
            <ns0:subfield code="2">NO-TrBIB</ns0:subfield>
        </ns0:datafield>
        <ns0:datafield tag="024" ind1="7" ind2=" ">
            <ns0:subfield code="a">http://hdl.handle.net/11250/1233502</ns0:subfield>
            <ns0:subfield code="2">hdl</ns0:subfield>
        </ns0:datafield>
        <ns0:datafield tag="024" ind1="7" ind2=" ">
            <ns0:subfield code="a">http://viaf.org/viaf/3775149368796985980009</ns0:subfield>
            <ns0:subfield code="2">viaf</ns0:subfield>
        </ns0:datafield>
        <ns0:datafield tag="040" ind1=" " ind2=" ">
            <ns0:subfield code="a">NO-TrBIB</ns0:subfield>
            <ns0:subfield code="b">nob</ns0:subfield>
            <ns0:subfield code="c">NO-TrBIB</ns0:subfield>
            <ns0:subfield code="f">noraf</ns0:subfield>
        </ns0:datafield>
        <ns0:datafield tag="110" ind1="2" ind2=" ">
            <ns0:subfield code="a">Fjernsynsteatret</ns0:subfield>
        </ns0:datafield>
        <ns0:datafield tag="410" ind1="2" ind2=" ">
            <ns0:subfield code="a">Fjernsynsteateret</ns0:subfield>
        </ns0:datafield>
        <ns0:datafield tag="410" ind1="2" ind2=" ">
            <ns0:subfield code="a">Norsk rikskringkasting</ns0:subfield>
            <ns0:subfield code="b">Fjernsynsteatret</ns0:subfield>
        </ns0:datafield>
        <ns0:datafield tag="410" ind1="2" ind2=" ">
            <ns0:subfield code="a">Fjernsynteatret</ns0:subfield>
        </ns0:datafield>
        <ns0:datafield tag="410" ind1="2" ind2=" ">
            <ns0:subfield code="a">NRK fjernsynsteatret</ns0:subfield>
        </ns0:datafield>
        <ns0:datafield tag="510" ind1="2" ind2=" ">
            <ns0:subfield code="a">NRK drama</ns0:subfield>
            <ns0:subfield code="0">(NO-TrBIB)68439</ns0:subfield>
        </ns0:datafield>
        <ns0:datafield tag="680" ind1=" " ind2=" ">
            <ns0:subfield code="a">Gjelder t.o.m. 1990. Fra 1991 innlemmet i NRK
                drama</ns0:subfield>
        </ns0:datafield>
        <ns0:datafield tag="901" ind1=" " ind2=" ">
            <ns0:subfield code="a">kat3</ns0:subfield>
        </ns0:datafield>
    </ns0:record>