
    <ns0:record format="MARC21" type="Authority" id="90061105">
        <ns0:leader>99999nz a2299999n 4500</ns0:leader>
        <ns0:controlfield tag="001">90061105</ns0:controlfield>
        <ns0:controlfield tag="003">NO-TrBIB</ns0:controlfield>
        <ns0:controlfield tag="005">20211013131436.0</ns0:controlfield>
        <ns0:controlfield tag="008">150407n| adz|naabn| |a|ana| </ns0:controlfield>
        <ns0:datafield tag="024" ind1="7" ind2=" ">
            <ns0:subfield code="a">x90061105</ns0:subfield>
            <ns0:subfield code="2">NO-TrBIB</ns0:subfield>
        </ns0:datafield>
        <ns0:datafield tag="024" ind1="7" ind2=" ">
            <ns0:subfield code="a">http://hdl.handle.net/11250/1550473</ns0:subfield>
            <ns0:subfield code="2">hdl</ns0:subfield>
        </ns0:datafield>
        <ns0:datafield tag="024" ind1="7" ind2=" ">
            <ns0:subfield code="a">http://viaf.org/viaf/221317102</ns0:subfield>
            <ns0:subfield code="2">viaf</ns0:subfield>
        </ns0:datafield>
        <ns0:datafield tag="024" ind1="7" ind2=" ">
            <ns0:subfield code="a">510383086</ns0:subfield>
            <ns0:subfield code="2">dma</ns0:subfield>
        </ns0:datafield>
        <ns0:datafield tag="040" ind1=" " ind2=" ">
            <ns0:subfield code="a">NO-TrBIB</ns0:subfield>
            <ns0:subfield code="b">nob</ns0:subfield>
            <ns0:subfield code="c">NO-TrBIB</ns0:subfield>
            <ns0:subfield code="f">noraf</ns0:subfield>
        </ns0:datafield>
        <ns0:datafield tag="110" ind1="2" ind2=" ">
            <ns0:subfield code="a">Det Norske teatret</ns0:subfield>
        </ns0:datafield>
        <ns0:datafield tag="410" ind1="2" ind2=" ">
            <ns0:subfield code="a">DNT (Det Norske teatret)</ns0:subfield>
        </ns0:datafield>
        <ns0:datafield tag="410" ind1="2" ind2=" ">
            <ns0:subfield code="a">ABC-teatret (studioscene for Det norske teatret
                1967-1969)</ns0:subfield>
        </ns0:datafield>
        <ns0:datafield tag="410" ind1="2" ind2=" ">
            <ns0:subfield code="a">Det Norske teater</ns0:subfield>
        </ns0:datafield>
        <ns0:datafield tag="410" ind1="2" ind2=" ">
            <ns0:subfield code="a">Norske teater</ns0:subfield>
        </ns0:datafield>
        <ns0:datafield tag="667" ind1=" " ind2=" ">
            <ns0:subfield code="a">Opprettet 1912</ns0:subfield>
        </ns0:datafield>
        <ns0:datafield tag="901" ind1=" " ind2=" ">
            <ns0:subfield code="a">kat3</ns0:subfield>
        </ns0:datafield>
    </ns0:record>