
    <ns0:record format="MARC21" type="Authority" id="90066876">
        <ns0:leader>99999nz a2299999n 4500</ns0:leader>
        <ns0:controlfield tag="001">90066876</ns0:controlfield>
        <ns0:controlfield tag="003">NO-TrBIB</ns0:controlfield>
        <ns0:controlfield tag="005">20240115112131.0</ns0:controlfield>
        <ns0:controlfield tag="008">130214n| adz|naabn| |a|ana| </ns0:controlfield>
        <ns0:datafield tag="024" ind1="7" ind2=" ">
            <ns0:subfield code="a">x90066876</ns0:subfield>
            <ns0:subfield code="2">NO-TrBIB</ns0:subfield>
        </ns0:datafield>
        <ns0:datafield tag="024" ind1="7" ind2=" ">
            <ns0:subfield code="a">http://hdl.handle.net/11250/1301001</ns0:subfield>
            <ns0:subfield code="2">hdl</ns0:subfield>
        </ns0:datafield>
        <ns0:datafield tag="024" ind1="7" ind2=" ">
            <ns0:subfield code="a">0000000108578278</ns0:subfield>
            <ns0:subfield code="2">isni</ns0:subfield>
        </ns0:datafield>
        <ns0:datafield tag="024" ind1="7" ind2=" ">
            <ns0:subfield code="a">http://viaf.org/viaf/59120866</ns0:subfield>
            <ns0:subfield code="2">viaf</ns0:subfield>
        </ns0:datafield>
        <ns0:datafield tag="024" ind1="7" ind2=" ">
            <ns0:subfield code="a">https://id.bs.no/bibbi/8316</ns0:subfield>
            <ns0:subfield code="2">bibbi</ns0:subfield>
        </ns0:datafield>
        <ns0:datafield tag="024" ind1="7" ind2=" ">
            <ns0:subfield code="a">511092471</ns0:subfield>
            <ns0:subfield code="2">dma</ns0:subfield>
        </ns0:datafield>
        <ns0:datafield tag="040" ind1=" " ind2=" ">
            <ns0:subfield code="a">NO-TrBIB</ns0:subfield>
            <ns0:subfield code="b">nob</ns0:subfield>
            <ns0:subfield code="c">NO-TrBIB</ns0:subfield>
            <ns0:subfield code="f">noraf</ns0:subfield>
        </ns0:datafield>
        <ns0:datafield tag="043" ind1=" " ind2=" ">
            <ns0:subfield code="c">no</ns0:subfield>
        </ns0:datafield>
        <ns0:datafield tag="100" ind1="1" ind2=" ">
            <ns0:subfield code="a">Dahle, Gro</ns0:subfield>
            <ns0:subfield code="d">1962-</ns0:subfield>
        </ns0:datafield>
        <ns0:datafield tag="375" ind1=" " ind2=" ">
            <ns0:subfield code="a">f</ns0:subfield>
        </ns0:datafield>
        <ns0:datafield tag="386" ind1=" " ind2=" ">
            <ns0:subfield code="a">n.</ns0:subfield>
            <ns0:subfield code="m">Nasjonalitet/regional gruppe</ns0:subfield>
            <ns0:subfield code="2">bs-nasj</ns0:subfield>
        </ns0:datafield>
        <ns0:datafield tag="400" ind1="1" ind2=" ">
            <ns0:subfield code="a">Dale, Gru</ns0:subfield>
            <ns0:subfield code="d">1962-</ns0:subfield>
        </ns0:datafield>
        <ns0:datafield tag="400" ind1="1" ind2=" ">
            <ns0:subfield code="a">Дале, Гру</ns0:subfield>
            <ns0:subfield code="d">1962-</ns0:subfield>
        </ns0:datafield>
        <ns0:datafield tag="400" ind1="1" ind2=" ">
            <ns0:subfield code="a">Dâre, Gurô</ns0:subfield>
        </ns0:datafield>
        <ns0:datafield tag="400" ind1="1" ind2=" ">
            <ns0:subfield code="a">Dale, Gro</ns0:subfield>
        </ns0:datafield>
        <ns0:datafield tag="400" ind1="1" ind2=" ">
            <ns0:subfield code="a">Dale, Geru</ns0:subfield>
            <ns0:subfield code="d">1962-</ns0:subfield>
        </ns0:datafield>
        <ns0:datafield tag="400" ind1="1" ind2=" ">
            <ns0:subfield code="a">Dāhale, Grū</ns0:subfield>
            <ns0:subfield code="d">1962-</ns0:subfield>
        </ns0:datafield>
        <ns0:datafield tag="400" ind1="1" ind2=" ">
            <ns0:subfield code="a">Dale, Gŭro</ns0:subfield>
            <ns0:subfield code="d">1962-</ns0:subfield>
        </ns0:datafield>
        <ns0:datafield tag="400" ind1="1" ind2=" ">
            <ns0:subfield code="a">Dale, Kro</ns0:subfield>
            <ns0:subfield code="d">1962-</ns0:subfield>
        </ns0:datafield>
        <ns0:datafield tag="400" ind1="1" ind2=" ">
            <ns0:subfield code="a">Talle, Kŭro</ns0:subfield>
            <ns0:subfield code="d">1962-</ns0:subfield>
        </ns0:datafield>
        <ns0:datafield tag="400" ind1="1" ind2=" ">
            <ns0:subfield code="a">달레, 그로</ns0:subfield>
            <ns0:subfield code="d">1962-</ns0:subfield>
        </ns0:datafield>
        <ns0:datafield tag="400" ind1="1" ind2=" ">
            <ns0:subfield code="a">Dahl, Jru</ns0:subfield>
            <ns0:subfield code="d">1962-</ns0:subfield>
        </ns0:datafield>
        <ns0:datafield tag="400" ind1="1" ind2=" ">
            <ns0:subfield code="a">داهل, غرو</ns0:subfield>
            <ns0:subfield code="d">1962-</ns0:subfield>
        </ns0:datafield>
        <ns0:datafield tag="667" ind1=" " ind2=" ">
            <ns0:subfield code="a">Barnebokforfatter og skrivepedagog</ns0:subfield>
        </ns0:datafield>
        <ns0:datafield tag="901" ind1=" " ind2=" ">
            <ns0:subfield code="a">kat3</ns0:subfield>
        </ns0:datafield>
    </ns0:record>