
    <ns0:record format="MARC21" type="Authority" id="90181096">
        <ns0:leader>99999nz a2299999n 4500</ns0:leader>
        <ns0:controlfield tag="001">90181096</ns0:controlfield>
        <ns0:controlfield tag="003">NO-TrBIB</ns0:controlfield>
        <ns0:controlfield tag="005">20210322174922.0</ns0:controlfield>
        <ns0:controlfield tag="008">030123n| adz|naabn| |a|ana| </ns0:controlfield>
        <ns0:datafield tag="024" ind1="7" ind2=" ">
            <ns0:subfield code="a">x90181096</ns0:subfield>
            <ns0:subfield code="2">NO-TrBIB</ns0:subfield>
        </ns0:datafield>
        <ns0:datafield tag="024" ind1="7" ind2=" ">
            <ns0:subfield code="a">http://hdl.handle.net/11250/1835513</ns0:subfield>
            <ns0:subfield code="2">hdl</ns0:subfield>
        </ns0:datafield>
        <ns0:datafield tag="024" ind1="7" ind2=" ">
            <ns0:subfield code="a">http://viaf.org/viaf/142769734</ns0:subfield>
            <ns0:subfield code="2">viaf</ns0:subfield>
        </ns0:datafield>
        <ns0:datafield tag="024" ind1="7" ind2=" ">
            <ns0:subfield code="a">0000000106679120</ns0:subfield>
            <ns0:subfield code="2">isni</ns0:subfield>
        </ns0:datafield>
        <ns0:datafield tag="040" ind1=" " ind2=" ">
            <ns0:subfield code="a">NO-TrBIB</ns0:subfield>
            <ns0:subfield code="b">nob</ns0:subfield>
            <ns0:subfield code="c">NO-TrBIB</ns0:subfield>
            <ns0:subfield code="f">noraf</ns0:subfield>
        </ns0:datafield>
        <ns0:datafield tag="110" ind1="2" ind2=" ">
            <ns0:subfield code="a">Statens håndverks- og kunstindustriskole</ns0:subfield>
        </ns0:datafield>
        <ns0:datafield tag="410" ind1="2" ind2=" ">
            <ns0:subfield code="a">SHKS</ns0:subfield>
        </ns0:datafield>
        <ns0:datafield tag="410" ind1="2" ind2=" ">
            <ns0:subfield code="a">Statens haandverks- og kunstindustriskole</ns0:subfield>
        </ns0:datafield>
        <ns0:datafield tag="410" ind1="2" ind2=" ">
            <ns0:subfield code="a">Haandverks- og kunstindustriskolen i Kristiania</ns0:subfield>
        </ns0:datafield>
        <ns0:datafield tag="510" ind1="2" ind2=" ">
            <ns0:subfield code="a">Kunsthøgskolen i Oslo</ns0:subfield>
            <ns0:subfield code="b">Avdeling Statens håndverks- og kunstindustriskole</ns0:subfield>
            <ns0:subfield code="0">(NO-TrBIB)2057853</ns0:subfield>
        </ns0:datafield>
        <ns0:datafield tag="510" ind1="2" ind2=" ">
            <ns0:subfield code="a">Den Kgl. norske Kunst- og Haandværksskole i
                Christiania</ns0:subfield>
            <ns0:subfield code="0">(NO-TrBIB)7033431</ns0:subfield>
        </ns0:datafield>
        <ns0:datafield tag="510" ind1="2" ind2=" ">
            <ns0:subfield code="a">Tegneskolen (Kristiania)</ns0:subfield>
            <ns0:subfield code="0">(NO-TrBIB)3008588</ns0:subfield>
        </ns0:datafield>
        <ns0:datafield tag="680" ind1=" " ind2=" ">
            <ns0:subfield code="a">Gjelder 1911-1996</ns0:subfield>
        </ns0:datafield>
        <ns0:datafield tag="901" ind1=" " ind2=" ">
            <ns0:subfield code="a">kat3</ns0:subfield>
        </ns0:datafield>
    </ns0:record>