
    <ns0:record format="MARC21" type="Authority" id="4096489">
        <ns0:leader>99999nz a2299999n 4500</ns0:leader>
        <ns0:controlfield tag="001">4096489</ns0:controlfield>
        <ns0:controlfield tag="003">NO-TrBIB</ns0:controlfield>
        <ns0:controlfield tag="005">20181022104637.0</ns0:controlfield>
        <ns0:controlfield tag="008">041105n| adz|naabn| |a|ana| </ns0:controlfield>
        <ns0:datafield tag="024" ind1="7" ind2=" ">
            <ns0:subfield code="a">x04096489</ns0:subfield>
            <ns0:subfield code="2">NO-TrBIB</ns0:subfield>
        </ns0:datafield>
        <ns0:datafield tag="024" ind1="7" ind2=" ">
            <ns0:subfield code="a">http://hdl.handle.net/11250/827703</ns0:subfield>
            <ns0:subfield code="2">hdl</ns0:subfield>
        </ns0:datafield>
        <ns0:datafield tag="024" ind1="7" ind2=" ">
            <ns0:subfield code="a">http://viaf.org/viaf/63149106264268492152</ns0:subfield>
            <ns0:subfield code="2">viaf</ns0:subfield>
        </ns0:datafield>
        <ns0:datafield tag="040" ind1=" " ind2=" ">
            <ns0:subfield code="a">NO-TrBIB</ns0:subfield>
            <ns0:subfield code="b">nob</ns0:subfield>
            <ns0:subfield code="c">NO-TrBIB</ns0:subfield>
            <ns0:subfield code="f">noraf</ns0:subfield>
        </ns0:datafield>
        <ns0:datafield tag="100" ind1="0" ind2=" ">
            <ns0:subfield code="a">Saba</ns0:subfield>
            <ns0:subfield code="c">dronning av</ns0:subfield>
        </ns0:datafield>
        <ns0:datafield tag="400" ind1="0" ind2=" ">
            <ns0:subfield code="a">Sheba</ns0:subfield>
            <ns0:subfield code="c">queen of</ns0:subfield>
        </ns0:datafield>
        <ns0:datafield tag="400" ind1="0" ind2=" ">
            <ns0:subfield code="a">Sabaea</ns0:subfield>
            <ns0:subfield code="c">regina</ns0:subfield>
        </ns0:datafield>
        <ns0:datafield tag="400" ind1="3" ind2=" ">
            <ns0:subfield code="a">Regina Sabaea</ns0:subfield>
        </ns0:datafield>
        <ns0:datafield tag="400" ind1="3" ind2=" ">
            <ns0:subfield code="a">Dronningen av Saba</ns0:subfield>
        </ns0:datafield>
        <ns0:datafield tag="400" ind1="3" ind2=" ">
            <ns0:subfield code="a">Queen of Sheba</ns0:subfield>
        </ns0:datafield>
        <ns0:datafield tag="901" ind1=" " ind2=" ">
            <ns0:subfield code="a">kat2</ns0:subfield>
        </ns0:datafield>
    </ns0:record>