
    <ns0:record format="MARC21" type="Authority" id="90371883">
        <ns0:leader>99999nz a2299999n 4500</ns0:leader>
        <ns0:controlfield tag="001">90371883</ns0:controlfield>
        <ns0:controlfield tag="003">NO-TrBIB</ns0:controlfield>
        <ns0:controlfield tag="005">20220118130603.0</ns0:controlfield>
        <ns0:controlfield tag="008">910503n| adz|naabn| |a|ana| </ns0:controlfield>
        <ns0:datafield tag="024" ind1="7" ind2=" ">
            <ns0:subfield code="a">x90371883</ns0:subfield>
            <ns0:subfield code="2">NO-TrBIB</ns0:subfield>
        </ns0:datafield>
        <ns0:datafield tag="024" ind1="7" ind2=" ">
            <ns0:subfield code="a">http://hdl.handle.net/11250/329883</ns0:subfield>
            <ns0:subfield code="2">hdl</ns0:subfield>
        </ns0:datafield>
        <ns0:datafield tag="024" ind1="7" ind2=" ">
            <ns0:subfield code="a">http://viaf.org/viaf/65149366413485602903</ns0:subfield>
            <ns0:subfield code="2">viaf</ns0:subfield>
        </ns0:datafield>
        <ns0:datafield tag="024" ind1="7" ind2=" ">
            <ns0:subfield code="a">https://id.bs.no/bibbi/29289</ns0:subfield>
            <ns0:subfield code="2">bibbi</ns0:subfield>
        </ns0:datafield>
        <ns0:datafield tag="040" ind1=" " ind2=" ">
            <ns0:subfield code="a">NO-TrBIB</ns0:subfield>
            <ns0:subfield code="b">nob</ns0:subfield>
            <ns0:subfield code="c">NO-TrBIB</ns0:subfield>
            <ns0:subfield code="f">noraf</ns0:subfield>
        </ns0:datafield>
        <ns0:datafield tag="100" ind1="1" ind2=" ">
            <ns0:subfield code="a">Plate, Joachim</ns0:subfield>
        </ns0:datafield>
        <ns0:datafield tag="901" ind1=" " ind2=" ">
            <ns0:subfield code="a">kat2</ns0:subfield>
        </ns0:datafield>
    </ns0:record>