
    <ns0:record format="MARC21" type="Authority" id="90804536">
        <ns0:leader>99999nz a2299999n 4500</ns0:leader>
        <ns0:controlfield tag="001">90804536</ns0:controlfield>
        <ns0:controlfield tag="003">NO-TrBIB</ns0:controlfield>
        <ns0:controlfield tag="005">20231101094637.0</ns0:controlfield>
        <ns0:controlfield tag="008">950323n| adz|naabn| |a|ana| </ns0:controlfield>
        <ns0:datafield tag="024" ind1="7" ind2=" ">
            <ns0:subfield code="a">x90804536</ns0:subfield>
            <ns0:subfield code="2">NO-TrBIB</ns0:subfield>
        </ns0:datafield>
        <ns0:datafield tag="024" ind1="7" ind2=" ">
            <ns0:subfield code="a">http://hdl.handle.net/11250/2234631</ns0:subfield>
            <ns0:subfield code="2">hdl</ns0:subfield>
        </ns0:datafield>
        <ns0:datafield tag="024" ind1="7" ind2=" ">
            <ns0:subfield code="a">http://viaf.org/viaf/269149368823685980002</ns0:subfield>
            <ns0:subfield code="2">viaf</ns0:subfield>
        </ns0:datafield>
        <ns0:datafield tag="040" ind1=" " ind2=" ">
            <ns0:subfield code="a">NO-TrBIB</ns0:subfield>
            <ns0:subfield code="b">nob</ns0:subfield>
            <ns0:subfield code="c">NO-TrBIB</ns0:subfield>
            <ns0:subfield code="f">noraf</ns0:subfield>
        </ns0:datafield>
        <ns0:datafield tag="110" ind1="2" ind2=" ">
            <ns0:subfield code="a">Høgskolen i Oslo</ns0:subfield>
            <ns0:subfield code="b">Bibliotek- og informasjonsstudiene</ns0:subfield>
        </ns0:datafield>
        <ns0:datafield tag="410" ind1="2" ind2=" ">
            <ns0:subfield code="a">Høgskolen i Oslo</ns0:subfield>
            <ns0:subfield code="b">Avdeling for journalistikk, bibliotek- og
                informasjonsfag</ns0:subfield>
            <ns0:subfield code="b">Bibliotek- og informasjonsstudiene</ns0:subfield>
        </ns0:datafield>
        <ns0:datafield tag="410" ind1="2" ind2=" ">
            <ns0:subfield code="a">HiO</ns0:subfield>
            <ns0:subfield code="b">Bibliotek- og informasjonsstudiene</ns0:subfield>
        </ns0:datafield>
        <ns0:datafield tag="510" ind1="2" ind2=" ">
            <ns0:subfield code="a">Statens bibliotek- og informasjonshøgskole</ns0:subfield>
            <ns0:subfield code="0">(NO-TrBIB)90269380</ns0:subfield>
        </ns0:datafield>
        <ns0:datafield tag="510" ind1="2" ind2=" ">
            <ns0:subfield code="a">Høgskolen i Oslo og Akershus</ns0:subfield>
            <ns0:subfield code="b">Institutt for arkiv-, bibliotek- og
                informasjonsfag</ns0:subfield>
            <ns0:subfield code="0">(NO-TrBIB)12062660</ns0:subfield>
        </ns0:datafield>
        <ns0:datafield tag="678" ind1=" " ind2=" ">
            <ns0:subfield code="a">Gjelder fra 1994 til 2011</ns0:subfield>
        </ns0:datafield>
        <ns0:datafield tag="901" ind1=" " ind2=" ">
            <ns0:subfield code="a">kat3</ns0:subfield>
        </ns0:datafield>
    </ns0:record>