
    <ns0:record format="MARC21" type="Authority" id="90039580">
        <ns0:leader>99999nz a2299999n 4500</ns0:leader>
        <ns0:controlfield tag="001">90039580</ns0:controlfield>
        <ns0:controlfield tag="003">NO-TrBIB</ns0:controlfield>
        <ns0:controlfield tag="005">20230811150403.0</ns0:controlfield>
        <ns0:controlfield tag="008">980327n| adz|naabn| |a|ana| </ns0:controlfield>
        <ns0:datafield tag="024" ind1="7" ind2=" ">
            <ns0:subfield code="a">x90039580</ns0:subfield>
            <ns0:subfield code="2">NO-TrBIB</ns0:subfield>
        </ns0:datafield>
        <ns0:datafield tag="024" ind1="7" ind2=" ">
            <ns0:subfield code="a">http://hdl.handle.net/11250/1478905</ns0:subfield>
            <ns0:subfield code="2">hdl</ns0:subfield>
        </ns0:datafield>
        <ns0:datafield tag="024" ind1="7" ind2=" ">
            <ns0:subfield code="a">http://viaf.org/viaf/388149294337580521952</ns0:subfield>
            <ns0:subfield code="2">viaf</ns0:subfield>
        </ns0:datafield>
        <ns0:datafield tag="024" ind1="7" ind2=" ">
            <ns0:subfield code="a">https://id.bs.no/bibbi/1454259</ns0:subfield>
            <ns0:subfield code="2">bibbi</ns0:subfield>
        </ns0:datafield>
        <ns0:datafield tag="040" ind1=" " ind2=" ">
            <ns0:subfield code="a">NO-TrBIB</ns0:subfield>
            <ns0:subfield code="b">nob</ns0:subfield>
            <ns0:subfield code="c">NO-TrBIB</ns0:subfield>
            <ns0:subfield code="f">noraf</ns0:subfield>
        </ns0:datafield>
        <ns0:datafield tag="043" ind1=" " ind2=" ">
            <ns0:subfield code="c">eg</ns0:subfield>
        </ns0:datafield>
        <ns0:datafield tag="100" ind1="0" ind2=" ">
            <ns0:subfield code="a">Akhenaton</ns0:subfield>
            <ns0:subfield code="c">konge av Egypt</ns0:subfield>
            <ns0:subfield code="d">ca. 14. årh. f. Kr.</ns0:subfield>
        </ns0:datafield>
        <ns0:datafield tag="375" ind1=" " ind2=" ">
            <ns0:subfield code="a">m</ns0:subfield>
        </ns0:datafield>
        <ns0:datafield tag="400" ind1="0" ind2=" ">
            <ns0:subfield code="a">Amenhotep</ns0:subfield>
            <ns0:subfield code="b">IV</ns0:subfield>
            <ns0:subfield code="c">konge av Egypt</ns0:subfield>
            <ns0:subfield code="d">ca. 14. årh. f. Kr.</ns0:subfield>
        </ns0:datafield>
        <ns0:datafield tag="400" ind1="0" ind2=" ">
            <ns0:subfield code="a">Amonhotep</ns0:subfield>
            <ns0:subfield code="b">IV</ns0:subfield>
            <ns0:subfield code="c">konge av Egypt</ns0:subfield>
            <ns0:subfield code="d">ca. 14. årh. f. Kr.</ns0:subfield>
        </ns0:datafield>
        <ns0:datafield tag="400" ind1="0" ind2=" ">
            <ns0:subfield code="a">Amenhetep</ns0:subfield>
            <ns0:subfield code="b">IV</ns0:subfield>
            <ns0:subfield code="c">konge av Egypt</ns0:subfield>
            <ns0:subfield code="d">ca. 14. årh. f. Kr.</ns0:subfield>
        </ns0:datafield>
        <ns0:datafield tag="400" ind1="0" ind2=" ">
            <ns0:subfield code="a">Akhnaton</ns0:subfield>
            <ns0:subfield code="c">konge av Egypt</ns0:subfield>
            <ns0:subfield code="d">ca. 14. årh. f. Kr.</ns0:subfield>
        </ns0:datafield>
        <ns0:datafield tag="400" ind1="0" ind2=" ">
            <ns0:subfield code="a">Ekhnaton</ns0:subfield>
            <ns0:subfield code="c">konge av Egypt</ns0:subfield>
            <ns0:subfield code="d">ca. 14. årh. f. Kr.</ns0:subfield>
        </ns0:datafield>
        <ns0:datafield tag="400" ind1="0" ind2=" ">
            <ns0:subfield code="a">Akhenaten</ns0:subfield>
            <ns0:subfield code="c">konge av Egypt</ns0:subfield>
            <ns0:subfield code="d">ca. 14. årh. f. Kr.</ns0:subfield>
        </ns0:datafield>
        <ns0:datafield tag="400" ind1="0" ind2=" ">
            <ns0:subfield code="a">Amenophis</ns0:subfield>
            <ns0:subfield code="b">IV</ns0:subfield>
            <ns0:subfield code="c">konge av Egypt</ns0:subfield>
            <ns0:subfield code="d">ca. 14. årh. f. Kr.</ns0:subfield>
        </ns0:datafield>
        <ns0:datafield tag="400" ind1="0" ind2=" ">
            <ns0:subfield code="a">Achenaton</ns0:subfield>
            <ns0:subfield code="c">konge av Egypt</ns0:subfield>
            <ns0:subfield code="d">ca. 14. årh. f. Kr.</ns0:subfield>
        </ns0:datafield>
        <ns0:datafield tag="400" ind1="0" ind2=" ">
            <ns0:subfield code="a">Echnaton</ns0:subfield>
            <ns0:subfield code="c">konge av Egypt</ns0:subfield>
            <ns0:subfield code="d">ca. 14. årh. f. Kr.</ns0:subfield>
        </ns0:datafield>
        <ns0:datafield tag="901" ind1=" " ind2=" ">
            <ns0:subfield code="a">kat3</ns0:subfield>
        </ns0:datafield>
    </ns0:record>