
    <ns0:record format="MARC21" type="Authority" id="1669188157565">
        <ns0:leader>99999nz a2299999n 4500</ns0:leader>
        <ns0:controlfield tag="001">1669188157565</ns0:controlfield>
        <ns0:controlfield tag="003">NO-TrBIB</ns0:controlfield>
        <ns0:controlfield tag="005">20221124134753.0</ns0:controlfield>
        <ns0:controlfield tag="008">221124n| adz|naabn| |a|ana| </ns0:controlfield>
        <ns0:datafield tag="024" ind1="7" ind2=" ">
            <ns0:subfield code="a">http://hdl.handle.net/11250/3033891</ns0:subfield>
            <ns0:subfield code="2">hdl</ns0:subfield>
        </ns0:datafield>
        <ns0:datafield tag="040" ind1=" " ind2=" ">
            <ns0:subfield code="a">NO-TrBIB</ns0:subfield>
            <ns0:subfield code="b">nob</ns0:subfield>
            <ns0:subfield code="e">katreg</ns0:subfield>
        </ns0:datafield>
        <ns0:datafield tag="100" ind1="1" ind2=" ">
            <ns0:subfield code="a">Huntebrinker, Berit</ns0:subfield>
        </ns0:datafield>
        <ns0:datafield tag="370" ind1=" " ind2=" ">
            <ns0:subfield code="c">Tyskland</ns0:subfield>
        </ns0:datafield>
        <ns0:datafield tag="372" ind1=" " ind2=" ">
            <ns0:subfield code="a">litteratur</ns0:subfield>
            <ns0:subfield code="a">litteraturvitenskap</ns0:subfield>
        </ns0:datafield>
        <ns0:datafield tag="373" ind1=" " ind2=" ">
            <ns0:subfield code="a">Universitetet i Agder</ns0:subfield>
        </ns0:datafield>
        <ns0:datafield tag="374" ind1=" " ind2=" ">
            <ns0:subfield code="a">universitetslektor</ns0:subfield>
            <ns0:subfield code="a">forsker</ns0:subfield>
            <ns0:subfield code="a">forfatter</ns0:subfield>
        </ns0:datafield>
        <ns0:datafield tag="375" ind1=" " ind2=" ">
            <ns0:subfield code="a">f</ns0:subfield>
        </ns0:datafield>
        <ns0:datafield tag="377" ind1=" " ind2=" ">
            <ns0:subfield code="a">eng</ns0:subfield>
        </ns0:datafield>
        <ns0:datafield tag="400" ind1="1" ind2=" ">
            <ns0:subfield code="a">Huntebrinker, Berit Martha Christel</ns0:subfield>
        </ns0:datafield>
        <ns0:datafield tag="400" ind1="1" ind2=" ">
            <ns0:subfield code="a">Huntebrinker, Berit M.C.</ns0:subfield>
        </ns0:datafield>
        <ns0:datafield tag="670" ind1=" " ind2=" ">
            <ns0:subfield code="a">Huntebrinker, Berit, 2022. Narrating environmental
                citizenship</ns0:subfield>
            <ns0:subfield code="b">Berit Huntebrinker (Tyskland) jobber som PhD stipendiat innenfor
                litteraturvitenskap med fokus på norske bildebøker og tegneserier fra et økokritisk
                perspektiv. Min bakgrunn er en M.A. in allmenn og sammenlignende
                litteraturvitenskap, nordisk og latinamerikastudier fra Goethe-Universitetet i
                Frankfurt am Main.Mine forskningsspørsmål er hvordan multimodale tekster for unge
                lesere forteller om forskjellige konsepter av økoborgerskap og hvordan visuelle og
                verbale narrative strategier forholder seg til hverandre. Jeg bruker økonarratologi
                for å undersøke formale narrative strukturer som fokusserer på relasjoner mellom
                mennesker og verden de bebor. Hentet fra hennes personlige hjemmeside på UiA.no,
                sett 24.11.22.</ns0:subfield>
            <ns0:subfield code="u">https://www.uia.no/kk/profil/beritmh</ns0:subfield>
        </ns0:datafield>
        <ns0:datafield tag="672" ind1=" " ind2="0">
            <ns0:subfield code="a">Narrating environmental citizenship</ns0:subfield>
        </ns0:datafield>
        <ns0:datafield tag="901" ind1=" " ind2=" ">
            <ns0:subfield code="a">kat2</ns0:subfield>
        </ns0:datafield>
    </ns0:record>