
    <ns0:record format="MARC21" type="Authority" id="5080848">
        <ns0:leader>99999nz a2299999n 4500</ns0:leader>
        <ns0:controlfield tag="001">5080848</ns0:controlfield>
        <ns0:controlfield tag="003">NO-TrBIB</ns0:controlfield>
        <ns0:controlfield tag="005">20181030134842.0</ns0:controlfield>
        <ns0:controlfield tag="008">051010n| adz|naabn| |a|ana| </ns0:controlfield>
        <ns0:datafield tag="024" ind1="7" ind2=" ">
            <ns0:subfield code="a">x05080848</ns0:subfield>
            <ns0:subfield code="2">NO-TrBIB</ns0:subfield>
        </ns0:datafield>
        <ns0:datafield tag="024" ind1="7" ind2=" ">
            <ns0:subfield code="a">http://hdl.handle.net/11250/2330374</ns0:subfield>
            <ns0:subfield code="2">hdl</ns0:subfield>
        </ns0:datafield>
        <ns0:datafield tag="024" ind1="7" ind2=" ">
            <ns0:subfield code="a">http://viaf.org/viaf/128061744</ns0:subfield>
            <ns0:subfield code="2">viaf</ns0:subfield>
        </ns0:datafield>
        <ns0:datafield tag="040" ind1=" " ind2=" ">
            <ns0:subfield code="a">NO-TrBIB</ns0:subfield>
            <ns0:subfield code="b">nob</ns0:subfield>
            <ns0:subfield code="c">NO-TrBIB</ns0:subfield>
            <ns0:subfield code="f">noraf</ns0:subfield>
        </ns0:datafield>
        <ns0:datafield tag="110" ind1="2" ind2=" ">
            <ns0:subfield code="a">Universitetet i Oslo</ns0:subfield>
            <ns0:subfield code="b">Institutt for lingvistiske og nordiske studier</ns0:subfield>
        </ns0:datafield>
        <ns0:datafield tag="410" ind1="2" ind2=" ">
            <ns0:subfield code="a">ILN</ns0:subfield>
        </ns0:datafield>
        <ns0:datafield tag="410" ind1="2" ind2=" ">
            <ns0:subfield code="a">Institutt for lingvistiske og nordiske studier</ns0:subfield>
        </ns0:datafield>
        <ns0:datafield tag="410" ind1="2" ind2=" ">
            <ns0:subfield code="a">University of Oslo</ns0:subfield>
            <ns0:subfield code="b">Department of Linguistics and Scandinavian Studies</ns0:subfield>
        </ns0:datafield>
        <ns0:datafield tag="410" ind1="2" ind2=" ">
            <ns0:subfield code="a">University of Oslo</ns0:subfield>
            <ns0:subfield code="b">Faculty of Humanities. Department of Linguistics and Scandinavian
                Studies</ns0:subfield>
        </ns0:datafield>
        <ns0:datafield tag="901" ind1=" " ind2=" ">
            <ns0:subfield code="a">kat3</ns0:subfield>
        </ns0:datafield>
    </ns0:record>
</root>
